
   <marc:record>
      <marc:leader>     cam a22        4500</marc:leader>
      <marc:controlfield tag="001">030678900</marc:controlfield>
      <marc:controlfield tag="003">DE-576</marc:controlfield>
      <marc:controlfield tag="005">20210802190312.0</marc:controlfield>
      <marc:controlfield tag="007">tu</marc:controlfield>
      <marc:controlfield tag="008">921112s1992    xx |||||      00| ||eng c</marc:controlfield>
      <marc:datafield tag="020" ind1=" " ind2=" ">
         <marc:subfield code="a">0801426871</marc:subfield>
         <marc:subfield code="9">0-8014-2687-1</marc:subfield>
      </marc:datafield>
      <marc:datafield tag="035" ind1=" " ind2=" ">
         <marc:subfield code="a">(DE-627)1609988558</marc:subfield>
      </marc:datafield>
      <marc:datafield tag="035" ind1=" " ind2=" ">
         <marc:subfield code="a">(DE-576)030678900</marc:subfield>
      </marc:datafield>
      <marc:datafield tag="035" ind1=" " ind2=" ">
         <marc:subfield code="a">(DE-599)BSZ030678900</marc:subfield>
      </marc:datafield>
      <marc:datafield tag="035" ind1=" " ind2=" ">
         <marc:subfield code="a">(OCoLC)24954513</marc:subfield>
      </marc:datafield>
      <marc:datafield tag="035" ind1=" " ind2=" ">
         <marc:subfield code="a">(DE-604)8066298032</marc:subfield>
      </marc:datafield>
      <marc:datafield tag="035" ind1=" " ind2=" ">
         <marc:subfield code="a">(DE-615)00282547</marc:subfield>
      </marc:datafield>
      <marc:datafield tag="040" ind1=" " ind2=" ">
         <marc:subfield code="a">DE-576</marc:subfield>
         <marc:subfield code="b">ger</marc:subfield>
         <marc:subfield code="c">DE-576</marc:subfield>
         <marc:subfield code="e">rakwb</marc:subfield>
      </marc:datafield>
      <marc:datafield tag="041" ind1=" " ind2=" ">
         <marc:subfield code="a">eng</marc:subfield>
      </marc:datafield>
      <marc:datafield tag="082" ind1="0" ind2=" ">
         <marc:subfield code="a">944.081</marc:subfield>
      </marc:datafield>
      <marc:datafield tag="082" ind1="0" ind2=" ">
         <marc:subfield code="a">0903</marc:subfield>
      </marc:datafield>
      <marc:datafield tag="082" ind1="0" ind2=" ">
         <marc:subfield code="a">0904</marc:subfield>
      </marc:datafield>
      <marc:datafield tag="082" ind1="0" ind2=" ">
         <marc:subfield code="a">944</marc:subfield>
      </marc:datafield>
      <marc:datafield tag="082" ind1="0" ind2=" ">
         <marc:subfield code="a">306.09</marc:subfield>
      </marc:datafield>
      <marc:datafield tag="084" ind1=" " ind2=" ">
         <marc:subfield code="a">NK 5056</marc:subfield>
         <marc:subfield code="2">rvk</marc:subfield>
         <marc:subfield code="0">(DE-625)rvk/126086:</marc:subfield>
      </marc:datafield>
      <marc:datafield tag="084" ind1=" " ind2=" ">
         <marc:subfield code="a">SA02</marc:subfield>
         <marc:subfield code="2">FIV</marc:subfield>
      </marc:datafield>
      <marc:datafield tag="084" ind1=" " ind2=" ">
         <marc:subfield code="a">RA04.06</marc:subfield>
         <marc:subfield code="2">FIV</marc:subfield>
      </marc:datafield>
      <marc:datafield tag="100" ind1="1" ind2=" ">
         <marc:subfield code="a">Lebovics, Herman</marc:subfield>
         <marc:subfield code="d">1935-</marc:subfield>
         <marc:subfield code="0">(DE-588)170562778</marc:subfield>
         <marc:subfield code="0">(DE-627)06066956X</marc:subfield>
         <marc:subfield code="0">(DE-576)131437631</marc:subfield>
         <marc:subfield code="4">aut</marc:subfield>
      </marc:datafield>
      <marc:datafield tag="245" ind1="1" ind2="0">
         <marc:subfield code="a">True France</marc:subfield>
         <marc:subfield code="b">the wars over cultural identity; 1900 - 1945</marc:subfield>
         <marc:subfield code="c">Herman Lebovics</marc:subfield>
      </marc:datafield>
      <marc:datafield tag="250" ind1=" " ind2=" ">
         <marc:subfield code="a">1. publ.</marc:subfield>
      </marc:datafield>
      <marc:datafield tag="264" ind1=" " ind2="1">
         <marc:subfield code="a">Ithaca [u.a.]</marc:subfield>
         <marc:subfield code="b">Cornell Univ. Pr.</marc:subfield>
         <marc:subfield code="c">1992</marc:subfield>
      </marc:datafield>
      <marc:datafield tag="300" ind1=" " ind2=" ">
         <marc:subfield code="a">XIX, 221 S.</marc:subfield>
         <marc:subfield code="b">Ill.</marc:subfield>
      </marc:datafield>
      <marc:datafield tag="336" ind1=" " ind2=" ">
         <marc:subfield code="a">Text</marc:subfield>
         <marc:subfield code="b">txt</marc:subfield>
         <marc:subfield code="2">rdacontent</marc:subfield>
      </marc:datafield>
      <marc:datafield tag="337" ind1=" " ind2=" ">
         <marc:subfield code="a">ohne Hilfsmittel zu benutzen</marc:subfield>
         <marc:subfield code="b">n</marc:subfield>
         <marc:subfield code="2">rdamedia</marc:subfield>
      </marc:datafield>
      <marc:datafield tag="338" ind1=" " ind2=" ">
         <marc:subfield code="a">Band</marc:subfield>
         <marc:subfield code="b">nc</marc:subfield>
         <marc:subfield code="2">rdacarrier</marc:subfield>
      </marc:datafield>
      <marc:datafield tag="490" ind1="0" ind2=" ">
         <marc:subfield code="a">Wilder house series in politics, history and culture</marc:subfield>
      </marc:datafield>
      <marc:datafield tag="591" ind1=" " ind2=" ">
         <marc:subfield code="a">720 ff. bvb; 580 ff. bvb ; 720 ff. (DDC): GBV/LOC ; IMD-Felder und 1131 maschinell ergänzt (SWB)</marc:subfield>
      </marc:datafield>
      <marc:datafield tag="651" ind1=" " ind2="7">
         <marc:subfield code="0">(DE-588)4018145-5</marc:subfield>
         <marc:subfield code="0">(DE-627)106327232</marc:subfield>
         <marc:subfield code="0">(DE-576)208922857</marc:subfield>
         <marc:subfield code="a">Frankreich</marc:subfield>
         <marc:subfield code="2">gnd</marc:subfield>
      </marc:datafield>
      <marc:datafield tag="650" ind1="0" ind2="7">
         <marc:subfield code="0">(DE-588)4033542-2</marc:subfield>
         <marc:subfield code="0">(DE-627)10625670X</marc:subfield>
         <marc:subfield code="0">(DE-576)20900259X</marc:subfield>
         <marc:subfield code="a">Kulturelle Identität</marc:subfield>
         <marc:subfield code="2">gnd</marc:subfield>
      </marc:datafield>
      <marc:datafield tag="650" ind1="0" ind2="7">
         <marc:subfield code="0">(DE-588)4020517-4</marc:subfield>
         <marc:subfield code="0">(DE-627)106317768</marc:subfield>
         <marc:subfield code="0">(DE-576)208933697</marc:subfield>
         <marc:subfield code="a">Geschichte</marc:subfield>
         <marc:subfield code="2">gnd</marc:subfield>
      </marc:datafield>
      <marc:datafield tag="650" ind1="0" ind2="7">
         <marc:subfield code="0">(DE-588)4041282-9</marc:subfield>
         <marc:subfield code="0">(DE-627)104162430</marc:subfield>
         <marc:subfield code="0">(DE-576)209044284</marc:subfield>
         <marc:subfield code="a">Nationalbewusstsein</marc:subfield>
         <marc:subfield code="2">gnd</marc:subfield>
      </marc:datafield>
      <marc:datafield tag="650" ind1="0" ind2="7">
         <marc:subfield code="0">(DE-588)4244141-9</marc:subfield>
         <marc:subfield code="0">(DE-627)104836490</marc:subfield>
         <marc:subfield code="0">(DE-576)210460466</marc:subfield>
         <marc:subfield code="a">Fremdenfeindlichkeit</marc:subfield>
         <marc:subfield code="2">gnd</marc:subfield>
      </marc:datafield>
      <marc:datafield tag="650" ind1="0" ind2="7">
         <marc:subfield code="0">(DE-588)4048829-9</marc:subfield>
         <marc:subfield code="0">(DE-627)104325372</marc:subfield>
         <marc:subfield code="0">(DE-576)209079428</marc:subfield>
         <marc:subfield code="a">Rechtsradikalismus</marc:subfield>
         <marc:subfield code="2">gnd</marc:subfield>
      </marc:datafield>
      <marc:datafield tag="650" ind1="0" ind2="7">
         <marc:subfield code="0">(DE-588)4125698-0</marc:subfield>
         <marc:subfield code="0">(DE-627)104470348</marc:subfield>
         <marc:subfield code="0">(DE-576)209578750</marc:subfield>
         <marc:subfield code="a">Kultur</marc:subfield>
         <marc:subfield code="2">gnd</marc:subfield>
      </marc:datafield>
      <marc:datafield tag="650" ind1="0" ind2="7">
         <marc:subfield code="0">(DE-588)4065654-8</marc:subfield>
         <marc:subfield code="0">(DE-627)104221496</marc:subfield>
         <marc:subfield code="0">(DE-576)209159812</marc:subfield>
         <marc:subfield code="a">Wert</marc:subfield>
         <marc:subfield code="2">gnd</marc:subfield>
      </marc:datafield>
      <marc:datafield tag="650" ind1="0" ind2="7">
         <marc:subfield code="0">(DE-588)4137533-6</marc:subfield>
         <marc:subfield code="0">(DE-627)105649333</marc:subfield>
         <marc:subfield code="0">(DE-576)209678429</marc:subfield>
         <marc:subfield code="a">Norm</marc:subfield>
         <marc:subfield code="g">Ethik</marc:subfield>
         <marc:subfield code="2">gnd</marc:subfield>
      </marc:datafield>
      <marc:datafield tag="650" ind1="0" ind2="7">
         <marc:subfield code="0">(DE-588)4277304-0</marc:subfield>
         <marc:subfield code="0">(DE-627)104421525</marc:subfield>
         <marc:subfield code="0">(DE-576)210725745</marc:subfield>
         <marc:subfield code="a">Kulturstandard</marc:subfield>
         <marc:subfield code="2">gnd</marc:subfield>
      </marc:datafield>
      <marc:datafield tag="650" ind1="0" ind2="7">
         <marc:subfield code="0">(DE-588)4015602-3</marc:subfield>
         <marc:subfield code="0">(DE-627)106335987</marc:subfield>
         <marc:subfield code="0">(DE-576)208912614</marc:subfield>
         <marc:subfield code="a">Ethik</marc:subfield>
         <marc:subfield code="2">gnd</marc:subfield>
      </marc:datafield>
      <marc:datafield tag="650" ind1=" " ind2="4">
         <marc:subfield code="a">Frankreich</marc:subfield>
         <marc:subfield code="x">Kulturelle Identität</marc:subfield>
         <marc:subfield code="x">Geschichtlicher Überblick</marc:subfield>
         <marc:subfield code="x">Nationale Identität</marc:subfield>
         <marc:subfield code="x">Fremdenfeindlichkeit</marc:subfield>
         <marc:subfield code="x">Rechtsextremismus</marc:subfield>
         <marc:subfield code="x">Kulturelle Werte und Normen</marc:subfield>
         <marc:subfield code="x">Wertesystem</marc:subfield>
      </marc:datafield>
      <marc:datafield tag="650" ind1=" " ind2="4">
         <marc:subfield code="a">Nationalismus</marc:subfield>
         <marc:subfield code="x">Kulturpolitik</marc:subfield>
         <marc:subfield code="x">Kolonialismus</marc:subfield>
         <marc:subfield code="x">Ehemalige Kolonien</marc:subfield>
         <marc:subfield code="x">Traditionsbewusstsein</marc:subfield>
         <marc:subfield code="x">Soziokultureller Wandel</marc:subfield>
         <marc:subfield code="x">Vietnam</marc:subfield>
         <marc:subfield code="x">Forschung und Entwicklung</marc:subfield>
         <marc:subfield code="x">Wissenschaftliche Tätigkeit</marc:subfield>
         <marc:subfield code="x">Anthropologie</marc:subfield>
         <marc:subfield code="x">Kulturarbeit</marc:subfield>
         <marc:subfield code="x">Arbeiter</marc:subfield>
         <marc:subfield code="x">Marin, Louis</marc:subfield>
         <marc:subfield code="x">Riviere, Georges Henri</marc:subfield>
         <marc:subfield code="x">Etat Français (1940-1944)</marc:subfield>
      </marc:datafield>
      <marc:datafield tag="689" ind1="0" ind2="0">
         <marc:subfield code="D">g</marc:subfield>
         <marc:subfield code="0">(DE-588)4018145-5</marc:subfield>
         <marc:subfield code="0">(DE-627)106327232</marc:subfield>
         <marc:subfield code="0">(DE-576)208922857</marc:subfield>
         <marc:subfield code="a">Frankreich</marc:subfield>
         <marc:subfield code="2">gnd</marc:subfield>
      </marc:datafield>
      <marc:datafield tag="689" ind1="0" ind2="1">
         <marc:subfield code="D">s</marc:subfield>
         <marc:subfield code="0">(DE-588)4033542-2</marc:subfield>
         <marc:subfield code="0">(DE-627)10625670X</marc:subfield>
         <marc:subfield code="0">(DE-576)20900259X</marc:subfield>
         <marc:subfield code="a">Kulturelle Identität</marc:subfield>
         <marc:subfield code="2">gnd</marc:subfield>
      </marc:datafield>
      <marc:datafield tag="689" ind1="0" ind2="2">
         <marc:subfield code="A">z</marc:subfield>
         <marc:subfield code="2">gnd</marc:subfield>
         <marc:subfield code="a">Geschichte 1900-1945</marc:subfield>
      </marc:datafield>
      <marc:datafield tag="689" ind1="0" ind2=" ">
         <marc:subfield code="5">(DE-627)</marc:subfield>
      </marc:datafield>
      <marc:datafield tag="936" ind1="r" ind2="v">
         <marc:subfield code="a">NK 5056</marc:subfield>
         <marc:subfield code="b">Frankreich</marc:subfield>
         <marc:subfield code="k">Geschichte</marc:subfield>
         <marc:subfield code="k">Weltgeschichte, Darstellungen Allgemeine Geschichte einzelner Staaten und Völker Teilgebiete der Geschichte, Sammelwerke</marc:subfield>
         <marc:subfield code="k">Teilgebiete der Geschichte</marc:subfield>
         <marc:subfield code="k">Allgemeine Geistes- und Kulturgeschichte</marc:subfield>
         <marc:subfield code="k">Allgemeine Kulturgeschichte</marc:subfield>
         <marc:subfield code="k">Abendländisch-europäische Kulturgeschichte</marc:subfield>
         <marc:subfield code="k">Frankreich</marc:subfield>
         <marc:subfield code="0">(DE-627)1270919636</marc:subfield>
         <marc:subfield code="0">(DE-625)rvk/126086:</marc:subfield>
         <marc:subfield code="0">(DE-576)200919636</marc:subfield>
      </marc:datafield>
      <marc:datafield tag="936" ind1="f" ind2="i">
         <marc:subfield code="a">ZGF650</marc:subfield>
         <marc:subfield code="b">Geschichte: Kultur</marc:subfield>
         <marc:subfield code="k">Geschichte: Kultur</marc:subfield>
         <marc:subfield code="2">fivw</marc:subfield>
      </marc:datafield>
      <marc:datafield tag="951" ind1=" " ind2=" ">
         <marc:subfield code="a">BO</marc:subfield>
      </marc:datafield>
   </marc:record>